@book{becker1960economic,
  title = {An Economic Analysis of Fertility},
  author = {Becker, Gary S.},
  year = {1960},
  publisher = {University of Chicago Press}
}

@book{becker1991allocation,
  title = {A Treatise on the Family},
  author = {Becker, Gary S.},
  year = {1991},
  publisher = {Harvard University Press}
}

@article{rosenzweig1980testing,
  title = {Testing the Quantity-Quality Fertility Model: The Use of Twins as a Natural Experiment},
  author = {Rosenzweig, Mark R. and Schultz, T. Paul},
  journal = {Econometrica},
  volume = {48},
  number = {1},
  pages = {227--240},
  year = {1980}
}

@article{schwarze2003does,
  title = {Does the Income Effect of Fertility Behavior Matter? Evidence from the Reunification of Germany},
  author = {Schwarze, Johannes and Winkelmann, Rainer},
  journal = {Journal of Population Economics},
  volume = {18},
  number = {1},
  pages = {153--177},
  year = {2003}
}

@article{black2005more,
  title = {The More the Merrier? The Effect of Family Size and Birth Order on Children's Education},
  author = {Black, Sandra E. and Devereux, Paul J. and Salvanes, Kjell G.},
  journal = {Quarterly Journal of Economics},
  volume = {120},
  number = {2},
  pages = {669--700},
  year = {2005}
}

@article{angrist2010effects,
  title = {The Effects of Family Size on Children's Education: Evidence from a Natural Experiment},
  author = {Angrist, Joshua D. and Lavy, Victor},
  journal = {American Economic Review},
  volume = {90},
  number = {5},
  pages = {1398--1414},
  year = {2010}
}

@article{hoddinott2013adult,
  title = {Adult Consequences of Growth Failure in Early Childhood},
  author = {Hoddinott, John and Alderman, Harold and Behrman, Jere R. and Haddad, Lawrence and Horton, Susan},
  journal = {American Journal of Clinical Nutrition},
  volume = {98},
  number = {5},
  pages = {1170--1178},
  year = {2013}
}

@article{grantham2007development,
  title = {Developmental Potential in the First 5 Years for Children in Developing Countries},
  author = {Grantham-McGregor, Sally and Cheung, Y. B. and Cueto, Santiago and Glewwe, Paul and Richter, Linda and Strupp, Barbara},
  journal = {The Lancet},
  volume = {369},
  number = {9555},
  pages = {60--70},
  year = {2007}
}

@article{dumas2019fertility,
  title = {Fertility and Contraceptive Use: The Impact of a Local Contraceptive Ban in the Philippines},
  author = {Dumas, Christelle and Lefranc, Arnaud},
  journal = {Journal of Population Economics},
  volume = {32},
  number = {3},
  pages = {951--1000},
  year = {2019}
}

@article{victora2008maternal,
  title = {Maternal and Child Undernutrition: Consequences for Adult Health and Human Capital},
  author = {Victora, Cesar G. and Adair, Linda and Fall, Caroline and Hallal, Pedro C. and Martorell, Reynaldo and Richter, Linda and Sachdev, Harshpal S.},
  journal = {The Lancet},
  volume = {371},
  number = {9609},
  pages = {340--357},
  year = {2008}
}
