@techreport{akresh2016household,
  title = {Evidence from a Randomized Evaluation of the Household Welfare Impacts of Conditional and Unconditional Cash Transfers Given to Mothers or Fathers},
  author = {Akresh, Richard and de Walque, Damien and Kazianga, Harounan},
  institution = {World Bank},
  number = {7730},
  year = {2016},
  type = {World Bank Policy Research Working Paper}
}

@article{alderman2006long,
  title = {Long Run Returns to Early Childhood Nutrition},
  author = {Alderman, Harold and Hoddinott, John and Kinsey, Bill},
  journal = {World Bank Economic Review},
  volume = {20},
  number = {1},
  pages = {97--118},
  year = {2006}
}

@misc{angrist1996children,
  title = {Children and Their Parents' Labor Supply: Evidence from Exogenous Variation in Family Size},
  author = {Angrist, Joshua and Evans, William N.},
  year = {1996},
  note = {National Bureau of Economic Research, Cambridge, MA}
}

@article{angrist2010multiple,
  title = {Multiple Experiments for the Causal Link Between the Quantity and Quality of Children},
  author = {Angrist, Joshua and Lavy, Victor and Schlosser, Analia},
  journal = {Journal of Labor Economics},
  volume = {28},
  number = {4},
  pages = {773--824},
  year = {2010}
}

@article{anh1998family,
  title = {Family Size and Children’s Education in Vietnam},
  author = {Anh, Truong Si and Knodel, John and Lam, David and Friedman, Jed},
  journal = {Demography},
  volume = {35},
  number = {1},
  pages = {57--70},
  year = {1998}
}

@article{ashraf2014household,
  title = {Household Bargaining and Excess Fertility: An Experimental Study in Zambia},
  author = {Ashraf, Nava and Field, Erica and Lee, Jean},
  journal = {American Economic Review},
  volume = {104},
  number = {7},
  pages = {2210--2237},
  year = {2014}
}

@article{barro1974are,
  title = {Are Government Bonds Net Wealth?},
  author = {Barro, Robert J.},
  journal = {Journal of Political Economy},
  volume = {82},
  number = {6},
  pages = {1095--1117},
  year = {1974}
}

@article{barro1989fertility,
  title = {Fertility Choice in a Model of Economic Growth},
  author = {Barro, Robert J. and Becker, Gary S.},
  journal = {Econometrica},
  pages = {481--501},
  year = {1989}
}

@article{becker1960economic,
  title = {An Economic Analysis of Fertility},
  author = {Becker, Gary S.},
  journal = {Demographic and Economic Change in Developed Countries},
  pages = {209--240},
  year = {1960}
}

@article{becker1973interaction,
  title = {On the Interaction Between the Quantity and Quality of Children},
  author = {Becker, Gary S. and Lewis, H. Gregg},
  journal = {Journal of Political Economy},
  volume = {81},
  number = {2, Part 2},
  pages = {S279--S288},
  year = {1973}
}

@article{becker1976child,
  title = {Child Endowments and the Quantity and Quality of Children},
  author = {Becker, Gary S. and Tomes, Nigel},
  journal = {Journal of Political Economy},
  volume = {84},
  number = {4, Part 2},
  pages = {S143--S162},
  year = {1976}
}

@book{becker1981family,
  title = {A Treatise on the Family},
  author = {Becker, Gary S.},
  publisher = {Harvard University Press},
  year = {1981}
}

@article{bishwakarma2019first,
  title = {First Come, First Served? Birth Order Effects on Child Height in South Africa},
  author = {Bishwakarma, Rajan and Villa, Kira M.},
  journal = {Journal of Demographic Economics},
  volume = {85},
  number = {1},
  pages = {71--94},
  year = {2019}
}

@article{black2005more,
  title = {The More the Merrier? The Effect of Family Size and Birth Order on Children's Education},
  author = {Black, Sandra E. and Devereux, Paul J. and Salvanes, Kjell G.},
  journal = {Quarterly Journal of Economics},
  volume = {120},
  number = {2},
  pages = {669--700},
  year = {2005}
}

@article{chen2021population,
  title = {Population Policy, Family Size and Child Malnutrition in Vietnam—Testing the Trade-off Between Child Quantity and Quality from a Child Nutrition Perspective},
  author = {Chen, Qihui},
  journal = {Economics \& Human Biology},
  volume = {41},
  pages = {100983},
  year = {2021}
}

@article{cook2015understanding,
  title={Understanding heterogeneity in the effects of birth weight on adult cognition and wages},
  author={Cook, Justin and Fletcher, Jason M},
  journal={Journal of health economics},
  volume={41},
  pages={107--116},
  year={2015},
  publisher={Elsevier}
}

@article{costa2024child,
  title={Child immunization status according to number of siblings and birth order in 85 low-and middle-income countries: a cross-sectional study},
  author={Costa, Francine S and Silva, Larissa AN and Cata-Preta, Bianca O and Santos, Thiago M and Ferreira, Leonardo Z and Mengistu, Tewodaj and Hogan, Daniel R and Barros, Aluisio JD and Victora, Cesar G},
  journal={EClinicalMedicine},
  volume={71},
  year={2024},
  publisher={Elsevier}
}

@article{dang2016decision,
  title={The decision to invest in child quality over quantity: Household size and household investment in education in Vietnam},
  author={Dang, Hai-Anh H and Rogers, F Halsey},
  journal={The World Bank Economic Review},
  volume={30},
  number={1},
  pages={104--142},
  year={2016},
  publisher={Oxford University Press}
}

@article{de2003inequality,
  title = {Inequality and Growth: Why Differential Fertility Matters},
  author = {De La Croix, David and Doepke, Matthias},
  journal = {American Economic Review},
  volume = {93},
  number = {4},
  pages = {1091--1113},
  year = {2003}
}

@article{doepke2004accounting,
  title = {Accounting for Fertility Decline During the Transition to Growth},
  author = {Doepke, Matthias},
  journal = {Journal of Economic Growth},
  volume = {9},
  pages = {347--383},
  year = {2004}
}

@article{doepke2005politics,
  title = {Politics and the Structure of the Income Distribution},
  author = {Doepke, Matthias and Zilibotti, Fabrizio},
  journal = {Journal of Economic Growth},
  volume = {10},
  number = {3},
  pages = {273--296},
  year = {2005}
}

@article{doepke2009liberation,
  title = {Women's Liberation: What's in It for Men?},
  author = {Doepke, Matthias and Tertilt, Michèle},
  journal = {Quarterly Journal of Economics},
  volume = {124},
  number = {4},
  pages = {1541--1591},
  year = {2009}
}

@techreport{doepke2012economics,
  title = {The Economics of the Family},
  author = {Doepke, Matthias and Tertilt, Michèle and Voena, Alessandra},
  institution = {National Bureau of Economic Research},
  number = {w17713},
  year = {2012},
  type = {NBER Working Paper}
}

@article{doepke2015gary,
  title = {Gary Becker on the Quantity and Quality of Children},
  author = {Doepke, Matthias},
  journal = {Journal of Demographic Economics},
  volume = {81},
  number = {1},
  pages = {59--66},
  year = {2015}
}

@article{doepke2019bargaining,
  title = {Bargaining Over Babies: Theory, Evidence, and Policy Implications},
  author = {Doepke, Matthias and Kindermann, Fabian},
  journal = {American Economic Review},
  volume = {109},
  number = {9},
  pages = {3264--3306},
  year = {2019}
}

@article{duflo2003grandmothers,
  title = {Grandmothers and Granddaughters: Old-Age Pensions and Intrahousehold Allocation in South Africa},
  author = {Duflo, Esther},
  journal = {World Bank Economic Review},
  volume = {17},
  number = {1},
  pages = {1--25},
  year = {2003}
}

@article{dumas2019sex,
  title = {"Sex in Marriage Is a Divine Gift"? Evidence on the Quantity-Quality Trade-off from the Manila Contraceptive Ban},
  author = {Dumas, Christelle and Lefranc, Arnaud},
  journal = {World Bank Economic Review},
  volume = {33},
  number = {1},
  pages = {259--285},
  year = {2019}
}

@article{feng2021effect,
  title = {The Effect of Sibling Size on Children’s Educational Attainment: Evidence from Indonesia},
  author = {Feng, Naikang},
  journal = {ECNU Review of Education},
  volume = {4},
  number = {4},
  pages = {830--856},
  year = {2021}
}

@misc{fogel1994economic,
  title = {Economic Growth, Population Theory, and Physiology: The Bearing of Long-Term Processes on the Making of Economic Policy},
  author = {Fogel, Robert W.},
  year = {1994},
  note = {National Bureau of Economic Research, Cambridge, MA}
}

@article{galor2000population,
  title = {Population, Technology, and Growth: From Malthusian Stagnation to the Demographic Transition and Beyond},
  author = {Galor, Oded and Weil, David N.},
  journal = {American Economic Review},
  volume = {90},
  number = {4},
  pages = {806--828},
  year = {2000}
}

@article{galor2002natural,
  title = {Natural Selection and the Origin of Economic Growth},
  author = {Galor, Oded and Moav, Omer},
  journal = {Quarterly Journal of Economics},
  volume = {117},
  number = {4},
  pages = {1133--1191},
  year = {2002}
}

@article{galor2004physical,
  title = {From Physical to Human Capital Accumulation: Inequality and the Process of Development},
  author = {Galor, Oded and Moav, Omer},
  journal = {Review of Economic Studies},
  volume = {71},
  number = {4},
  pages = {1001--1026},
  year = {2004}
}

@article{galor2006human,
  title = {Das Human-Kapital: A Theory of the Demise of the Class Structure},
  author = {Galor, Oded and Moav, Omer},
  journal = {Review of Economic Studies},
  volume = {73},
  number = {1},
  pages = {85--117},
  year = {2006}
}

@article{galor2010inequality,
  title = {Inequality, Human Capital Formation and the Process of Development},
  author = {Galor, Oded and Moav, Omer},
  journal = {Review of Economic Studies},
  volume = {77},
  number = {1},
  pages = {1--25},
  year = {2010}
}

@article{grantham2007development,
  title = {Developmental Potential in the First 5 Years for Children in Developing Countries},
  author = {Grantham-McGregor, Sally and Cheung, Y. B. and Cueto, Santiago and Glewwe, Paul and Richter, Linda and Strupp, Barbara},
  journal = {The Lancet},
  volume = {369},
  number = {9555},
  pages = {60--70},
  year = {2007}
}

@article{grawe2008quality,
  title = {The Quality--Quantity Trade-off in Fertility Across Parent Earnings Levels: A Test for Credit Market Failure},
  author = {Grawe, Nathan D.},
  journal = {Review of Economics of the Household},
  volume = {6},
  pages = {29--45},
  year = {2008}
}

@book{haddad1997intrahousehold,
  title = {Intrahousehold Resource Allocation in Developing Countries: Models, Methods, and Policy},
  author = {Haddad, Lawrence and Hoddinott, John and Alderman, Harold},
  publisher = {Johns Hopkins University Press},
  year = {1997}
}

@article{hatton2018fertility,
  title = {Fertility and the Health of Children in Indonesia},
  author = {Hatton, Timothy J. and Sparrow, Robert and Suryadarma, Daniel and van der Eng, Pierre},
  journal = {Economics \& Human Biology},
  volume = {28},
  pages = {67--78},
  year = {2018}
}

@article{hazan2002child,
  title = {Child Labour, Fertility, and Economic Growth},
  author = {Hazan, Moshe and Berdugo, Binyamin},
  journal = {Economic Journal},
  volume = {112},
  number = {482},
  pages = {810--828},
  year = {2002}
}

@article{hoddinott2013adult,
  title = {Adult Consequences of Growth Failure in Early Childhood},
  author = {Hoddinott, John and Alderman, Harold and Behrman, Jere R. and Haddad, Lawrence and Horton, Susan},
  journal = {American Journal of Clinical Nutrition},
  volume = {98},
  number = {5},
  pages = {1170--1178},
  year = {2013}
}

@article{hoddinott2013economic,
  title = {The Economic Rationale for Investing in Stunting Reduction},
  author = {Hoddinott, John and Alderman, Harold and Behrman, Jere R. and Haddad, Lawrence and Horton, Susan},
  journal = {Maternal \& Child Nutrition},
  volume = {9},
  pages = {69--82},
  year = {2013}
}

@article{horton1986child,
  title = {Child Nutrition and Family Size in the Philippines},
  author = {Horton, Susan},
  journal = {Journal of Development Economics},
  volume = {23},
  number = {1},
  pages = {161--176},
  year = {1986}
}

@article{kabeer1999resources,
  title = {Resources, Agency, Achievements: Reflections on the Measurement of Women's Empowerment},
  author = {Kabeer, Naila},
  journal = {Development and Change},
  volume = {30},
  number = {3},
  pages = {435--464},
  year = {1999}
}

@article{kalemli2000mortality,
  title = {Mortality Decline, Human Capital Investment, and Economic Growth},
  author = {Kalemli-Ozcan, Sebnem and Ryder, Harl E. and Weil, David N.},
  journal = {Journal of Development Economics},
  volume = {62},
  number = {1},
  pages = {1--23},
  year = {2000}
}

@article{kalemli2002does,
  title = {Does the Mortality Decline Promote Economic Growth?},
  author = {Kalemli-Ozcan, Sebnem},
  journal = {Journal of Economic Growth},
  volume = {7},
  pages = {411--439},
  year = {2002}
}

@article{knodel1990family,
  title = {Family Size and the Education of Children in the Context of Rapid Fertility Decline},
  author = {Knodel, John and Havanon, Napaporn and Sittitrai, Werasit},
  journal = {Population and Development Review},
  pages = {31--62},
  year = {1990}
}

@article{kremer2002income,
  title = {Income Distribution Dynamics with Endogenous Fertility},
  author = {Kremer, Michael and Chen, Daniel L.},
  journal = {Journal of Economic Growth},
  volume = {7},
  pages = {227--258},
  year = {2002}
}

@article{kristensen2010educational,
  title = {Educational Attainment of 25-Year-Old Norwegians According to Birth Order and Gender},
  author = {Kristensen, Petter and Bjerkedal, Tor},
  journal = {Intelligence},
  volume = {38},
  number = {1},
  pages = {123--136},
  year = {2010}
}

@article{lundberg1993separate,
  title = {Separate Spheres Bargaining and the Marriage Market},
  author = {Lundberg, Shelly and Pollak, Robert A.},
  journal = {Journal of Political Economy},
  volume = {101},
  number = {6},
  pages = {988--1010},
  year = {1993}
}

@misc{manilabulletin2024,
  author = {{Manila Bulletin}},
  title = {6 in 10 Working Filipino Children Suffer Labor Abuse},
  year = {2024},
  note = {Citing PSA data on child labor prevalence},
  url = {https://mb.com.ph/2024/11/21/6-in-10-working-filipino-children-suffer-labor-abuse}
}

@article{manser1980marriage,
  title = {Marriage and Household Decision-Making: A Bargaining Analysis},
  author = {Manser, Marilyn and Brown, Murray},
  journal = {International Economic Review},
  volume = {21},
  number = {1},
  pages = {31--44},
  year = {1980}
}

@article{maralani2008changing,
  title = {The Changing Relationship Between Family Size and Educational Attainment Over the Course of Socioeconomic Development: Evidence from Indonesia},
  author = {Maralani, Vida},
  journal = {Demography},
  volume = {45},
  pages = {693--717},
  year = {2008}
}

@article{mason1987differences,
  title = {Differences Between Women's and Men's Reproductive Goals in Developing Countries},
  author = {Mason, Karen Oppenheim and Taj, An-Magritt},
  journal = {Population and Development Review},
  volume = {13},
  number = {4},
  pages = {611--638},
  year = {1987}
}

@article{mcelroy1981nash,
  title = {Nash-Bargained Household Decisions: Toward a Generalization of the Theory of Demand},
  author = {McElroy, Marjorie B. and Horney, Mary Jean},
  journal = {International Economic Review},
  volume = {22},
  number = {2},
  pages = {333--349},
  year = {1981}
}

@misc{oecd2024sigi,
  author = {{OECD}},
  title = {SIGI 2024 Regional Report for Southeast Asia: Time to Care},
  year = {2024},
  howpublished = {\url{https://www.oecd.org/content/dam/oecd/en/publications/reports/2024/03/sigi-2024-regional-report-for-southeast-asia_d157077d/7fc15e1c-en.pdf}},
  note = {Organisation for Economic Co-operation and Development}
}

@article{orbeta2010number,
  title = {Number of Children and Their Education in Philippine Households},
  author = {Orbeta Jr, Aniceto C.},
  journal = {Philippine Review of Economics},
  volume = {46},
  number = {2},
  year = {2010},
  note = {Online ISSN 2984-8156}
}

@misc{psa2018,
  author = {{Philippine Statistics Authority} and {ICF International}},
  title = {Philippines National Demographic and Health Survey 2017: Key Findings},
  year = {2018},
  url = {https://dhsprogram.com/pubs/pdf/SR253/SR253.pdf},
  note = {Calverton, Maryland: PSA and ICF}
}

@article{rosenzweig1980testing,
  title = {Testing the Quantity-Quality Fertility Model: The Use of Twins as a Natural Experiment},
  author = {Rosenzweig, Mark R. and Wolpin, Kenneth I.},
  journal = {Econometrica},
  volume = {48},
  number = {1},
  pages = {227--240},
  year = {1980}
}

@article{schultz2007population,
  title = {Population Policies, Fertility, Women's Human Capital, and Child Quality},
  author = {Schultz, T. Paul},
  journal = {Handbook of Development Economics},
  volume = {4},
  pages = {3249--3303},
  year = {2007}
}

@article{thomas1990intra,
  title = {Intra-Household Resource Allocation: An Inferential Approach},
  author = {Thomas, Duncan},
  journal = {Journal of Human Resources},
  volume = {25},
  number = {4},
  pages = {635--664},
  year = {1990}
}

@inproceedings{vicerra2013fertility,
  author = {Vicerra, Paolo and Cruz, Christian Joy},
  title = {Fertility Behavior, Desired Number and Gender Composition of Children: The Philippine Case},
  booktitle = {Proceedings},
  year = {2013},
  month = {jan},
}

@article{victora2008maternal,
  title = {Maternal and Child Undernutrition: Consequences for Adult Health and Human Capital},
  author = {Victora, Cesar G. and Adair, Linda and Fall, Caroline and Hallal, Pedro C. and Martorell, Reynaldo and Richter, Linda and Sachdev, Harshpal},
  journal = {The Lancet},
  volume = {371},
  number = {9609},
  pages = {340--357},
  year = {2008}
}

@inproceedings{oppenheim1987impact,
  title = {The Impact of Women's Social Position on Fertility in Developing Countries},
  author = {Oppenheim Mason, Karen},
  booktitle = {Sociological Forum},
  volume = {2},
  pages = {718--745},
  year = {1987},
  organization = {Springer}
}

@article{iyigun2007endogenous,
  title = {Endogenous Gender Power, Household Labor Supply and the Demographic Transition},
  author = {Iyigun, Murat and Walsh, Randall P.},
  journal = {Journal of Development Economics},
  volume = {82},
  number = {1},
  pages = {138--155},
  year = {2007}
}
